@article{Zhang_2018,
  doi       = {10.1002/widm.1253},
  url       = {https://doi.org/10.1002%2Fwidm.1253},
  year      = 2018,
  month     = {mar},
  publisher = {Wiley},
  volume    = {8},
  number    = {4},
  author    = {Lei Zhang and Shuai Wang and Bing Liu},
  title     = {Deep learning for sentiment analysis: A survey},
  journal   = {WIREs Data Mining Knowl Discov Data Mining and Knowledge Discovery}
}
@article{Zhao_2016,
  author  = {Zhao, Jun and Liu, Kang and Xu, Liheng},
  title   = {{Sentiment Analysis: Mining Opinions, Sentiments, and Emotions}},
  journal = {Computational Linguistics},
  volume  = {42},
  number  = {3},
  pages   = {595-598},
  year    = {2016},
  month   = {09},
  issn    = {0891-2017},
  doi     = {10.1162/COLI_r_00259},
  url     = {https://doi.org/10.1162/COLI\_r\_00259}
}
@book{Liu_2015,
  place     = {Cambridge},
  title     = {Sentiment Analysis: Mining Opinions, Sentiments, and Emotions},
  doi       = {10.1017/CBO9781139084789},
  publisher = {Cambridge University Press},
  author    = {Liu, Bing},
  year      = {2015}
}

@article{Liu_2012,
  doi       = {10.2200/s00416ed1v01y201204hlt016},
  url       = {https://doi.org/10.2200%2Fs00416ed1v01y201204hlt016},
  year      = 2012,
  month     = {may},
  publisher = {Morgan {\&} Claypool Publishers {LLC}},
  volume    = {5},
  number    = {1},
  pages     = {1--167},
  author    = {Bing Liu},
  title     = {Sentiment Analysis and Opinion Mining},
  journal   = {Synthesis Lectures on Human Language Technologies}
}
@inproceedings{Lee_2009,
  doi       = {10.1145/1553374.1553453},
  url       = {https://doi.org/10.1145%2F1553374.1553453},
  year      = 2009,
  publisher = {{ACM} Press},
  author    = {Honglak Lee and Roger Grosse and Rajesh Ranganath and Andrew Y. Ng},
  title     = {Convolutional deep belief networks for scalable unsupervised learning of hierarchical representations},
  booktitle = {Proceedings of the 26th Annual International Conference on Machine Learning - {ICML} {\textquotesingle}09}
}
@book{Goodfellow_2016,
  title     = {Deep Learning},
  author    = {Ian Goodfellow and Yoshua Bengio and Aaron Courville},
  publisher = {MIT Press},
  url       = {http://www.deeplearningbook.org},
  year      = {2016}
}
@incollection{Chalothom_2015,
  doi       = {10.1007/978-3-662-46578-3_74},
  url       = {https://doi.org/10.1007%2F978-3-662-46578-3_74},
  year      = 2015,
  publisher = {Springer Berlin Heidelberg},
  pages     = {631--639},
  author    = {Tawunrat Chalothom and Jeremy Ellman},
  title     = {Simple Approaches of Sentiment Analysis via Ensemble Learning},
  booktitle = {Lecture Notes in Electrical Engineering}
}
@article{Thomas_2013,
  title   = {What Consumers Think about brands on social media, and what bunesses need to do about it},
  author  = {Thomas, B},
  journal = {Report, Keep Social Honest},
  year    = {2013},
  url     = {https://www.cim.co.uk/media/1733/ksh_report_.pdf}
}
@inproceedings{Yessenalina_2010,
  title     = {Multi-Level Structured Models for Document-Level Sentiment Classification},
  author    = {Yessenalina, Ainur  and
               Yue, Yisong  and
               Cardie, Claire},
  booktitle = {Proceedings of the 2010 Conference on Empirical Methods in Natural Language Processing},
  month     = oct,
  year      = {2010},
  address   = {Cambridge, MA},
  publisher = {Association for Computational Linguistics},
  url       = {https://aclanthology.org/D10-1102},
  pages     = {1046--1056}
}
@inproceedings{Farra_2010,
  author    = {Farra, Noura and Challita, Elie and Assi, Rawad Abou and Hajj, Hazem},
  booktitle = {2010 IEEE International Conference on Data Mining Workshops},
  title     = {Sentence-Level and Document-Level Sentiment Mining for Arabic Texts},
  year      = {2010},
  pages     = {1114-1119},
  doi       = {10.1109/ICDMW.2010.95}
}
@inproceedings{Engonopoulos_2011,
  doi       = {10.1145/1988688.1988703},
  url       = {https://doi.org/10.1145%2F1988688.1988703},
  year      = 2011,
  publisher = {{ACM} Press},
  author    = {Nikos Engonopoulos and Angeliki Lazaridou and Georgios Paliouras and Konstantinos Chandrinos},
  title     = {{ELS}},
  booktitle = {Proceedings of the International Conference on Web Intelligence, Mining and Semantics - {WIMS} {\textquotesingle}11}
}
@inproceedings{Haochen_2015,
  title     = {Aspect-Level Sentiment Analysis Based on a Generalized Probabilistic Topic and Syntax Model},
  url       = {https://www.semanticscholar.org/paper/Aspect-Level-Sentiment-Analysis-Based-on-a-Topic-Zhou-Song/262d4a59b557c109255ae89cab3c927cde44773d},
  author    = {Haochen Zhou and Fei Song},
  booktitle = {FLAIRS Conference},
  year      = {2015}
}
@inproceedings{Yang_2016,
  title     = {Hierarchical Attention Networks for Document Classification},
  author    = {Yang, Zichao  and
               Yang, Diyi  and
               Dyer, Chris  and
               He, Xiaodong  and
               Smola, Alex  and
               Hovy, Eduard},
  booktitle = {Proceedings of the 2016 Conference of the North {A}merican Chapter of the Association for Computational Linguistics: Human Language Technologies},
  month     = jun,
  year      = {2016},
  address   = {San Diego, California},
  publisher = {Association for Computational Linguistics},
  url       = {https://aclanthology.org/N16-1174},
  doi       = {10.18653/v1/N16-1174},
  pages     = {1480--1489}
}
@article{Guozheng_2018,
  title    = {LSTM with sentence representations for document-level sentiment classification},
  journal  = {Neurocomputing},
  volume   = {308},
  pages    = {49-57},
  year     = {2018},
  issn     = {0925-2312},
  doi      = {https://doi.org/10.1016/j.neucom.2018.04.045},
  url      = {https://www.sciencedirect.com/science/article/pii/S092523121830479X},
  author   = {Guozheng Rao and Weihang Huang and Zhiyong Feng and Qiong Cong},
  keywords = {Sentiment classification, LSTM, Neural networks, Sentence vectors}
}
@article{Zhao_2018_weakly,
  author  = {Zhao, Wei and Guan, Ziyu and Chen, Long and He, Xiaofei and Cai, Deng and Wang, Beidou and Wang, Quan},
  journal = {IEEE Transactions on Knowledge and Data Engineering},
  title   = {Weakly-Supervised Deep Embedding for Product Review Sentiment Analysis},
  year    = {2018},
  volume  = {30},
  number  = {1},
  pages   = {185-197},
  doi     = {10.1109/TKDE.2017.2756658}
}
@article{Ma_2018,
  doi       = {10.1007/s12559-018-9549-x},
  url       = {https://doi.org/10.1007%2Fs12559-018-9549-x},
  year      = 2018,
  month     = {mar},
  publisher = {Springer Science and Business Media {LLC}},
  volume    = {10},
  number    = {4},
  pages     = {639--650},
  author    = {Yukun Ma and Haiyun Peng and Tahir Khan and Erik Cambria and Amir Hussain},
  title     = {Sentic {LSTM}: a Hybrid Network for Targeted Aspect-Based Sentiment Analysis},
  journal   = {Cogn Comput}
}
@article{Ma_2019,
  title    = {Modeling multi-aspects within one opinionated sentence simultaneously for aspect-level sentiment analysis},
  journal  = {Future Generation Computer Systems},
  volume   = {93},
  pages    = {304-311},
  year     = {2019},
  issn     = {0167-739X},
  doi      = {https://doi.org/10.1016/j.future.2018.10.041},
  url      = {https://www.sciencedirect.com/science/article/pii/S0167739X18319125},
  author   = {Xiao Ma and Jiangfeng Zeng and Limei Peng and Giancarlo Fortino and Yin Zhang},
  keywords = {Sentiment analysis, Aspect-level, Position attention, Multi-aspects}
}
@article{Yang_2019a,
  title    = {Aspect-based sentiment analysis with alternating coattention networks},
  journal  = {Information Processing \& Management},
  volume   = {56},
  number   = {3},
  pages    = {463-478},
  year     = {2019},
  issn     = {0306-4573},
  doi      = {https://doi.org/10.1016/j.ipm.2018.12.004},
  url      = {https://www.sciencedirect.com/science/article/pii/S0306457318306344},
  author   = {Chao Yang and Hefeng Zhang and Bin Jiang and Keqin Li},
  keywords = {Aspect-based sentiment analysis, Coattention, LSTM, Memory network, Location weighted function}
}
@article{Yuan_2018,
  title    = {Domain attention model for multi-domain sentiment classification},
  journal  = {Knowledge-Based Systems},
  volume   = {155},
  pages    = {1-10},
  year     = {2018},
  issn     = {0950-7051},
  doi      = {https://doi.org/10.1016/j.knosys.2018.05.004},
  url      = {https://www.sciencedirect.com/science/article/pii/S0950705118302144},
  author   = {Zhigang Yuan and Sixing Wu and Fangzhao Wu and Junxin Liu and Yongfeng Huang},
  keywords = {Sentiment analysis, Multi-domain, Attention mechanism}
}
@article{Poria_2016,
  title    = {Fusing audio, visual and textual clues for sentiment analysis from multimodal content},
  journal  = {Neurocomputing},
  volume   = {174},
  pages    = {50-59},
  year     = {2016},
  issn     = {0925-2312},
  doi      = {https://doi.org/10.1016/j.neucom.2015.01.095},
  url      = {https://www.sciencedirect.com/science/article/pii/S0925231215011297},
  author   = {Soujanya Poria and Erik Cambria and Newton Howard and Guang-Bin Huang and Amir Hussain},
  keywords = {Multimodal fusion, Big social data analysis, Opinion mining, Multimodal sentiment analysis, Sentic computing}
}
@misc{Bahdanau_2014,
  doi       = {10.48550/ARXIV.1409.0473},
  url       = {https://arxiv.org/abs/1409.0473},
  author    = {Bahdanau, Dzmitry and Cho, Kyunghyun and Bengio, Yoshua},
  keywords  = {Computation and Language (cs.CL), Machine Learning (cs.LG), Neural and Evolutionary Computing (cs.NE), Machine Learning (stat.ML), FOS: Computer and information sciences, FOS: Computer and information sciences},
  title     = {Neural Machine Translation by Jointly Learning to Align and Translate},
  publisher = {arXiv},
  year      = {2014},
  copyright = {arXiv.org perpetual, non-exclusive license}
}
@misc{Cho_2014,
  doi       = {10.48550/ARXIV.1406.1078},
  url       = {https://arxiv.org/abs/1406.1078},
  author    = {Cho, Kyunghyun and van Merrienboer, Bart and Gulcehre, Caglar and Bahdanau, Dzmitry and Bougares, Fethi and Schwenk, Holger and Bengio, Yoshua},
  keywords  = {Computation and Language (cs.CL), Machine Learning (cs.LG), Neural and Evolutionary Computing (cs.NE), Machine Learning (stat.ML), FOS: Computer and information sciences, FOS: Computer and information sciences},
  title     = {Learning Phrase Representations using RNN Encoder-Decoder for Statistical Machine Translation},
  publisher = {arXiv},
  year      = {2014},
  copyright = {arXiv.org perpetual, non-exclusive license}
}
@misc{Graves_2013,
  doi       = {10.48550/ARXIV.1308.0850},
  url       = {https://arxiv.org/abs/1308.0850},
  author    = {Graves, Alex},
  keywords  = {Neural and Evolutionary Computing (cs.NE), Computation and Language (cs.CL), FOS: Computer and information sciences, FOS: Computer and information sciences},
  title     = {Generating Sequences With Recurrent Neural Networks},
  publisher = {arXiv},
  year      = {2013},
  copyright = {arXiv.org perpetual, non-exclusive license}
}
@inproceedings{Vaswani_2017,
  author    = {Vaswani, Ashish and Shazeer, Noam and Parmar, Niki and Uszkoreit, Jakob and Jones, Llion and Gomez, Aidan N and Kaiser, \L ukasz and Polosukhin, Illia},
  booktitle = {Advances in Neural Information Processing Systems},
  editor    = {I. Guyon and U. Von Luxburg and S. Bengio and H. Wallach and R. Fergus and S. Vishwanathan and R. Garnett},
  pages     = {},
  publisher = {Curran Associates, Inc.},
  title     = {Attention is All you Need},
  url       = {https://proceedings.neurips.cc/paper/2017/file/3f5ee243547dee91fbd053c1c4a845aa-Paper.pdf},
  volume    = {30},
  year      = {2017}
}
@misc{Devlin_2018,
  doi       = {10.48550/ARXIV.1810.04805},
  url       = {https://arxiv.org/abs/1810.04805},
  author    = {Devlin, Jacob and Chang, Ming-Wei and Lee, Kenton and Toutanova, Kristina},
  keywords  = {Computation and Language (cs.CL), FOS: Computer and information sciences, FOS: Computer and information sciences},
  title     = {BERT: Pre-training of Deep Bidirectional Transformers for Language Understanding},
  publisher = {arXiv},
  year      = {2018},
  copyright = {arXiv.org perpetual, non-exclusive license}
}
@article{Taylor_1953,
  doi       = {10.1177/107769905303000401},
  url       = {https://doi.org/10.1177%2F107769905303000401},
  year      = 1953,
  month     = {sep},
  publisher = {{SAGE} Publications},
  volume    = {30},
  number    = {4},
  pages     = {415--433},
  author    = {Wilson L. Taylor},
  title     = {{\textquotedblleft}Cloze Procedure{\textquotedblright}: A New Tool for Measuring Readability},
  journal   = {Journalism Quarterly}
}
@inproceedings{Turian_2010,
  author    = {Turian, Joseph and Ratinov, Lev and Bengio, Yoshua},
  title     = {Word Representations: A Simple and General Method for Semi-Supervised Learning},
  year      = {2010},
  publisher = {Association for Computational Linguistics},
  address   = {USA},
  booktitle = {Proceedings of the 48th Annual Meeting of the Association for Computational Linguistics},
  pages     = {384-394},
  numpages  = {11},
  location  = {Uppsala, Sweden},
  series    = {ACL '10}
}
@inproceedings{Mnih_2008,
  author    = {Mnih, Andriy and Hinton, Geoffrey E},
  booktitle = {Advances in Neural Information Processing Systems},
  editor    = {D. Koller and D. Schuurmans and Y. Bengio and L. Bottou},
  pages     = {},
  publisher = {Curran Associates, Inc.},
  title     = {A Scalable Hierarchical Distributed Language Model},
  url       = {https://proceedings.neurips.cc/paper/2008/file/1e056d2b0ebd5c878c550da6ac5d3724-Paper.pdf},
  volume    = {21},
  year      = {2008}
}
@misc{Mikolov_2014,
  doi       = {10.48550/ARXIV.1405.4053},
  url       = {https://arxiv.org/abs/1405.4053},
  author    = {Le, Quoc V. and Mikolov, Tomas},
  keywords  = {Computation and Language (cs.CL), Artificial Intelligence (cs.AI), Machine Learning (cs.LG), FOS: Computer and information sciences, FOS: Computer and information sciences},
  title     = {Distributed Representations of Sentences and Documents},
  publisher = {arXiv},
  year      = {2014},
  copyright = {arXiv.org perpetual, non-exclusive license}
}
@inproceedings{Collobert_2008,
  author    = {Collobert, Ronan and Weston, Jason},
  title     = {A Unified Architecture for Natural Language Processing: Deep Neural Networks with Multitask Learning},
  year      = {2008},
  isbn      = {9781605582054},
  publisher = {Association for Computing Machinery},
  address   = {New York, NY, USA},
  url       = {https://doi.org/10.1145/1390156.1390177},
  doi       = {10.1145/1390156.1390177},
  pages     = {160-167},
  numpages  = {8},
  location  = {Helsinki, Finland},
  series    = {ICML '08}
}
@misc{Liu_2019,
  doi       = {10.48550/ARXIV.1907.11692},
  url       = {https://arxiv.org/abs/1907.11692},
  author    = {Liu, Yinhan and Ott, Myle and Goyal, Naman and Du, Jingfei and Joshi, Mandar and Chen, Danqi and Levy, Omer and Lewis, Mike and Zettlemoyer, Luke and Stoyanov, Veselin},
  keywords  = {Computation and Language (cs.CL), FOS: Computer and information sciences, FOS: Computer and information sciences},
  title     = {RoBERTa: A Robustly Optimized BERT Pretraining Approach},
  publisher = {arXiv},
  year      = {2019},
  copyright = {arXiv.org perpetual, non-exclusive license}
}
@misc{Ott_2019,
  doi       = {10.48550/ARXIV.1904.01038},
  url       = {https://arxiv.org/abs/1904.01038},
  author    = {Ott, Myle and Edunov, Sergey and Baevski, Alexei and Fan, Angela and Gross, Sam and Ng, Nathan and Grangier, David and Auli, Michael},
  keywords  = {Computation and Language (cs.CL), FOS: Computer and information sciences, FOS: Computer and information sciences},
  title     = {fairseq: A Fast, Extensible Toolkit for Sequence Modeling},
  publisher = {arXiv},
  year      = {2019},
  copyright = {arXiv.org perpetual, non-exclusive license}
}
@inproceedings{Nguyen_2020,
  title     = {{BERT}weet: A pre-trained language model for {E}nglish Tweets},
  author    = {Nguyen, Dat Quoc  and
               Vu, Thanh  and
               Tuan Nguyen, Anh},
  booktitle = {Proceedings of the 2020 Conference on Empirical Methods in Natural Language Processing: System Demonstrations},
  month     = oct,
  year      = {2020},
  address   = {Online},
  publisher = {Association for Computational Linguistics},
  url       = {https://aclanthology.org/2020.emnlp-demos.2},
  doi       = {10.18653/v1/2020.emnlp-demos.2},
  pages     = {9--14}
}
@misc{Perez_2021,
  doi       = {10.48550/ARXIV.2111.09453},
  url       = {https://arxiv.org/abs/2111.09453},
  author    = {Pérez, Juan Manuel and Furman, Damián A. and Alemany, Laura Alonso and Luque, Franco},
  keywords  = {Computation and Language (cs.CL), Artificial Intelligence (cs.AI), FOS: Computer and information sciences, FOS: Computer and information sciences},
  title     = {RoBERTuito: a pre-trained language model for social media text in Spanish},
  publisher = {arXiv},
  year      = {2021},
  copyright = {Creative Commons Attribution 4.0 International}
}
@article{Gonzalez_2021,
  title    = {TWilBert: Pre-trained deep bidirectional transformers for Spanish Twitter},
  journal  = {Neurocomputing},
  volume   = {426},
  pages    = {58-69},
  year     = {2021},
  issn     = {0925-2312},
  doi      = {https://doi.org/10.1016/j.neucom.2020.09.078},
  url      = {https://www.sciencedirect.com/science/article/pii/S0925231220316180},
  author   = {José Ángel González and Lluís-F. Hurtado and Ferran Pla},
  keywords = {Contextualized Embeddings, Spanish, Twitter, TWilBERT}
}