@misc{web,
  author       = {Christoph H. Lampert and Hannes Nickisch and Stefan Harmeling and Jens Weidmann}, 
  title        = {Animals with Attributes: A dataset for Attribute Based Classification},
  howpublished = {\url{https://cvml.ist.ac.at/AwA/}},
}
@ARTICLE{8413121,
  author={Xian, Yongqin and Lampert, Christoph H. and Schiele, Bernt and Akata, Zeynep},

  journal={IEEE Transactions on Pattern Analysis and Machine Intelligence},

  title={Zero-Shot Learningâ€”A Comprehensive Evaluation of the Good, the Bad and the Ugly},

  year={2019},

  volume={41},

  number={9},

  pages={2251-2265},

  doi={10.1109/TPAMI.2018.2857768}}


