@article{Yilmaz_2017,
  title     = {Frequency assignment problem with net filter discrimination constraints},
  author    = {Yilmaz, H Birkan and Koo, Bon-Hong and Park, Sung-Ho and Park, Hwi-Sung and Ham, Jae-Hyun and Chae, Chan-Byoung},
  journal   = {Journal of Communications and Networks},
  volume    = {19},
  number    = {4},
  pages     = {329--340},
  year      = {2017},
  publisher = {KICS},
  url       = {https://arxiv.org/pdf/1605.04379&usg=AOvVaw0yL2Xw04pM3ASvPKXxvPxE}
}
@misc{data,
  author = {R. Montemanni and D.H. Smith},
  title  = {FAP08 Archive.},
  year   = {2010},
  url    = {https://www.idsia.ch/~roberto/FAP08.zip}
}
@article{Montemanni_2010,
  title   = {Heuristic manipulation, tabu search and frequency assignment},
  journal = {Computers \& Operations Research},
  volume  = {37},
  number  = {3},
  pages   = {543-551},
  year    = {2010},
  note    = {Hybrid Metaheuristics},
  issn    = {0305-0548},
  doi     = {https://doi.org/10.1016/j.cor.2008.08.006},
  url     = {https://www.sciencedirect.com/science/article/pii/S030505480800141X},
  author  = {Roberto Montemanni and Derek H. Smith}
}
@book{koster_1999,
  author = {Koster, A},
  title  = {Frequency assignment : models and algorithms},
  year   = {1999},
  isbn   = {9090131191},
  url    = {https://www.math2.rwth-aachen.de/files/mitarbeiter/koster/Koster1999.pdf}
}